@article{HEPFRAME1
  , author    = {Andre Pereira, Antonio Onofre and Alberto Proença}
  , title     = {Tuning Pipelined Scientific Data Analyses for Efficient Multicore Execution}
  , publisher = {Proceedings of the International Conference on High Performance Computing Simulation}
  , year      = {2016}
}

@article{HEPFRAME2
  , author    = {Andre Pereira, Antonio Onofre and Alberto Proença}
  , title     = {HEP-Frame: A Software Engineered Framework to Aid the Development and Efficient Multicore Execution of Scientific Code}
  , publisher = {Proceedings of the 2015 International Conference on Computational Science and Computational Intelligence}
  , year      = {2015}
}
